@ARTICLE{Figueredo:2009dg,
   author = {Figueredo, A.~J. and Wolf, P. S.~A.},
   title = {Assortative pairing and life history strategy -- a cross-cultural study},
   journal = {Human Nature},
   volume = {20},
   pages = {317-330},
   year = {2009},
   doi={https://doi.org/10.1007/s12110-009-9068-2}
}

@article{kiehl2006climate,
  title={The climate sensitivity of the Community Climate System Model version 3 (CCSM3)},
  author={Kiehl, Jeffrey T and Shields, Christine A and Hack, James J and Collins, William D},
  journal={Journal of Climate},
  volume={19},
  number={11},
  pages={2584--2596},
  year={2006}
}
@article{ragone2016new,
  doi = {10.1007/s00382-015-2657-3},
  url = {https://doi.org/10.1007/s00382-015-2657-3},
  year = {2015},
  month = may,
  publisher = {Springer Science and Business Media {LLC}},
  volume = {46},
  number = {5-6},
  pages = {1459--1471},
  author = {Francesco Ragone and Valerio Lucarini and Frank Lunkeit},
  title = {A new framework for climate sensitivity and prediction: a modelling perspective},
  journal = {Climate Dynamics}
}

@article{Lembo2020,
archivePrefix = {arXiv},
arxivId = {1912.03996},
author = {Lembo, Valerio and Lucarini, Valerio and Ragone, Francesco},
doi = {10.1038/s41598-020-65297-2},
eprint = {1912.03996},
issn = {20452322},
journal = {Scientific Reports},
pmid = {32457414},
title = {{Beyond Forcing Scenarios: Predicting Climate Change through Response Operators in a Coupled General Circulation Model}},
year = {2020}
}

@article{tsutsui2017quantification,
	author = {Tsutsui, Junichi},
	title = {{Quantification of temperature response to CO2 forcing in atmosphere{\textendash}ocean general circulation models}},
	journal = {Clim. Change},
	volume = {140},
	number = {2},
	pages = {287--305},
	year = {2017},
	month = {Jan},
	issn = {1573-1480},
	publisher = {Springer Netherlands},
	doi = {10.1007/s10584-016-1832-9}
}
@article{caldeira2013projections,
	author = {Caldeira, K. and Myhrvold, N. P.},
	title = {{Projections of the pace of warming following an abrupt increase in atmospheric carbon dioxide concentration}},
	journal = {Environ. Res. Lett.},
	volume = {8},
	number = {3},
	pages = {034039},
	year = {2013},
	month = {Sep},
	issn = {1748-9326},
	publisher = {IOP Publishing},
	doi = {10.1088/1748-9326/8/3/034039}
}
@article{lucarini2017predicting,
	author = {Lucarini, Valerio and Ragone, Francesco and Lunkeit, Frank},
	title = {{Predicting Climate Change Using Response Theory: Global Averages and Spatial Patterns}},
	journal = {J. Stat. Phys.},
	volume = {166},
	number = {3},
	pages = {1036--1064},
	year = {2017},
	month = {Feb},
	issn = {1572-9613},
	publisher = {Springer US},
	doi = {10.1007/s10955-016-1506-z}
}

@article{morice2012quantifying,
	author = {Morice, Colin P. and Kennedy, John J. and Rayner, Nick A. and Jones, Phil D.},
	title = {{Quantifying uncertainties in global and regional temperature change using an ensemble of observational estimates: The HadCRUT4 data set}},
	journal = {J. Geophys. Res. Atmos.},
	volume = {117},
	number = {D8},
	year = {2012},
	month = {Apr},
	issn = {0148-0227},
	publisher = {John Wiley {\&} Sons, Ltd},
	doi = {10.1029/2011JD017187}
}
@book{mackay2003information,
	author = {MacKay, David J. C.},
	title = {{Information Theory, Inference {\&} Learning Algorithms}},
	year = {2002},
	month = {Jun},
	isbn = {978-0-521-64298-9},
	publisher = {Cambridge University Press40 W. 20 St. New York, NYUnited States},
	doi = {10.5555/971143}
}
@article{foreman2013emcee,
	author = {Foreman-Mackey, Daniel and Hogg, David W. and Lang, Dustin and Goodman, Jonathan},
	title = {{emcee: The MCMC Hammer}},
	journal = {Publ. Astron. Soc. Pac.},
	volume = {125},
	number = {925},
	pages = {306--312},
	year = {2013},
	month = {Feb},
	issn = {0004-6280},
	publisher = {IOP Publishing},
	doi = {10.1086/670067}
}
@article{aengenheyster2018point,
	author = {Aengenheyster, Matthias and Feng, Qing Yi and Ploeg, Frederick van der and Dijkstra, Henk A.},
	title = {{The point of no return for climate action: effects of climate uncertainty and risk tolerance}},
	journal = {Earth Syst. Dyn.},
	volume = {9},
	number = {3},
	pages = {1085--1095},
	year = {2018},
	month = {Aug},
	issn = {2190-4979},
	publisher = {Copernicus GmbH},
	doi = {10.5194/esd-9-1085-2018}
}
@article{hasselmann1993cold,
	author = {Hasselmann, Klaus and Sausen, Robert and Maier-Reimer, Ernst and Voss, Reinhard},
	title = {{On the cold start problem in transient simulations with coupled atmosphere-ocean models}},
	journal = {Clim. Dyn.},
	volume = {9},
	number = {2},
	pages = {53--61},
	year = {1993},
	month = {Nov},
	issn = {1432-0894},
	publisher = {Springer-Verlag},
	doi = {10.1007/BF00210008}
}
@article{lembo2019thediato,
	author = {Lembo, Valerio and Lunkeit, Frank and Lucarini, Valerio},
	title = {{TheDiaTo (v1.0) {\textendash} a new diagnostic tool for water, energy and entropy budgets in climate models}},
	journal = {Geosci. Model Dev.},
	volume = {12},
	number = {8},
	pages = {3805--3834},
	year = {2019},
	month = {Aug},
	issn = {1991-959X},
	publisher = {Copernicus GmbH},
	doi = {10.5194/gmd-12-3805-2019}
}
@article{hansen1984climate,
  title={Climate sensitivity: Analysis of feedback mechanisms.},
  author={Hansen, J and Lacis, A and Rind, D and Russell, G and Stone, P and Fung, I and Ruedy, R and Lerner, J},
  journal={feedback},
  volume={1},
  pages={1--3},
  year={1984}
}
@book{charney1979carbon,
  title={Carbon dioxide and climate: a scientific assessment},
  author={Charney, Jule G and Arakawa, Akio and Baker, D James and Bolin, Bert and Dickinson, Robert E and Goody, Richard M and Leith, Cecil E and Stommel, Henry M and Wunsch, Carl I},
  year={1979},
  publisher={National Academy of Sciences, Washington, DC},
  doi = {10.17226/12181}
}
@article{lucarini2018revising,
	author = {Lucarini, Valerio},
	title = {{Revising and Extending the Linear Response Theory for Statistical Mechanical Systems: Evaluating Observables as Predictors and Predictands}},
	journal = {J. Stat. Phys.},
	volume = {173},
	number = {6},
	pages = {1698--1721},
	year = {2018},
	month = {Dec},
	issn = {1572-9613},
	publisher = {Springer US},
	doi = {10.1007/s10955-018-2151-5}
}
@article{colman2020understanding,
	author = {Colman, Robert and Soldatenko, Sergei},
	title = {{Understanding the links between climate feedbacks, variability and change using a two-layer energy balance model}},
	journal = {Clim. Dyn.},
	volume = {54},
	number = {7},
	pages = {3441--3459},
	year = {2020},
	month = {Apr},
	issn = {1432-0894},
	publisher = {Springer Berlin Heidelberg},
	doi = {10.1007/s00382-020-05189-3}
}
@article{goodwin2018pathways,
	author = {Goodwin, Philip and Katavouta, Anna and Roussenov, Vassil M. and Foster, Gavin L. and Rohling, Eelco J. and Williams, Richard G.},
	title = {{Pathways to 1.5 {\ifmmode\mbox{\textdegree}\else\textdegree\fi}C and 2 {\ifmmode\mbox{\textdegree}\else\textdegree\fi}C warming based on observational and geological constraints}},
	journal = {Nat. Geosci.},
	volume = {11},
	number = {2},
	pages = {102--107},
	year = {2018},
	month = {Jan},
	issn = {1752-0908},
	publisher = {Nature Publishing Group},
	doi = {10.1038/s41561-017-0054-8}
}
@article{rugenstein2019,
author = {Rugenstein, Maria and Bloch-Johnson, Jonah and Gregory, Jonathan and Andrews, Timothy and Mauritsen, Thorsten and Li, Chao and Fr{\ifmmode\ddot{o}\else\"{o}\fi}licher, Thomas L. and Paynter, David and Danabasoglu, Gokhan and Yang, Shuting and Dufresne, Jean-Louis and Cao, Long and Schmidt, Gavin A. and Abe-Ouchi, Ayako and Geoffroy, Olivier and Knutti, Reto},
	title = {{Equilibrium Climate Sensitivity Estimated by Equilibrating Climate Models}},
	journal = {Geophys. Res. Lett.},
	volume = {47},
	number = {4},
	pages = {e2019GL083898},
	year = {2020},
	month = {Feb},
	issn = {0094-8276},
	publisher = {John Wiley {\&} Sons, Ltd},
	doi = {10.1029/2019GL083898}
}

@article{zanna2019global,
	author = {Zanna, Laure and Khatiwala, Samar and Gregory, Jonathan M. and Ison, Jonathan and Heimbach, Patrick},
	title = {{Global reconstruction of historical ocean heat storage and transport}},
	journal = {Proc. Natl. Acad. Sci. U.S.A.},
	volume = {116},
	number = {4},
	pages = {1126--1131},
	year = {2019},
	month = {Jan},
	issn = {0027-8424},
	publisher = {National Academy of Sciences},
	doi = {10.1073/pnas.1808838115}
}
@MISC{Hao:gidmaps:2014,
  author = {Hao, Z. and AghaKouchak, A. and Nakhjiri, N. and Farahmand, A},
  year = {2014},
  title = {Global integrated drought monitoring and prediction system ({GIDMaPS}) data sets},
  howpublished = {\emph{figshare} \url{http://dx.doi.org/10.6084/m9.figshare.853801}}
}
@article{smith2018fair,
author = {Smith, Christopher J. and Forster, Piers M. and Allen, Myles and Leach, Nicholas and Millar, Richard J. and Passerello, Giovanni A. and Regayre, Leighton A.},
	title = {{FAIR v1.3: a simple emissions-based impulse response and carbon cycle model}},
	journal = {Geosci. Model Dev.},
	volume = {11},
	number = {6},
	pages = {2273--2297},
	year = {2018},
	month = {Jun},
	issn = {1991-959X},
	publisher = {Copernicus GmbH},
	doi = {10.5194/gmd-11-2273-2018}
}
@MISC{paris,
title = {Paris Agreement},
type = {UN Treaty},
entrysubtype = {Treaty No. XXVII-7-d},
shorthand = {Paris Agreement},
day = {12},
month  = {12},
year = {2015},
organization = {United Nations},
 url ={https://treaties.un.org/pages/ViewDetails.aspx?src=TREATY&mtdsg_no=XXVII-7-d&chapter=27&clang=_en},
  urlday = {28},
  urlmonth = {3},
  urlyear = {2019},
  author = {},
}
@article{eyring2016overview,
	author = {Eyring, Veronika and Bony, Sandrine and Meehl, Gerald A. and Senior, Catherine A. and Stevens, Bjorn and Stouffer, Ronald J. and Taylor, Karl E.},
	title = {{Overview of the Coupled Model Intercomparison Project Phase 6 (CMIP6) experimental design and organization}},
	journal = {Geosci. Model Dev.},
	volume = {9},
	number = {5},
	pages = {1937--1958},
	year = {2016},
	month = {May},
	issn = {1991-959X},
	publisher = {Copernicus GmbH},
	doi = {10.5194/gmd-9-1937-2016}
}
@article{abramowitz2019esd,
	author = {Abramowitz, Gab and Herger, Nadja and Gutmann, Ethan and Hammerling, Dorit and Knutti, Reto and Leduc, Martin and Lorenz, Ruth and Pincus, Robert and Schmidt, Gavin A.},
	title = {{ESD Reviews: Model dependence in multi-model climate ensembles: weighting, sub-selection and out-of-sample testing}},
	journal = {Earth Syst. Dyn.},
	volume = {10},
	number = {1},
	pages = {91--105},
	year = {2019},
	month = {Feb},
	issn = {2190-4979},
	publisher = {Copernicus GmbH},
	doi = {10.5194/esd-10-91-2019}
}
@article{allen2007call,
	author = {Allen, Myles R. and Frame, David J.},
	title = {{Call Off the Quest}},
	journal = {Science},
	volume = {318},
	number = {5850},
	pages = {582--583},
	year = {2007},
	month = {Oct},
	issn = {0036-8075},
	publisher = {American Association for the Advancement of Science},
	doi = {10.1126/science.1149988}
}
@article{allen2009warming,
	author = {Allen, Myles R. and Frame, David J. and Huntingford, Chris and Jones, Chris D. and Lowe, Jason A. and Meinshausen, Malte and Meinshausen, Nicolai},
	title = {{Warming caused by cumulative carbon emissions towards the trillionth tonne}},
	journal = {Nature},
	volume = {458},
	number = {7242},
	pages = {1163--1166},
	year = {2009},
	month = {Apr},
	issn = {1476-4687},
	publisher = {Nature Publishing Group},
	doi = {10.1038/nature08019}
}
@article{meinshausen2011rcp,
	author = {Meinshausen, Malte and Smith, S. J. and Calvin, K. and Daniel, J. S. and Kainuma, M. L. T. and Lamarque, J.-F. and Matsumoto, K. and Montzka, S. A. and Raper, S. C. B. and Riahi, K. and Thomson, A. and Velders, G. J. M. and van Vuuren, D. P. P.},
	title = {{The RCP greenhouse gas concentrations and their extensions from 1765 to 2300}},
	journal = {Clim. Change},
	volume = {109},
	number = {1},
	pages = {213--241},
	year = {2011},
	month = {Aug},
	issn = {1573-1480},
	publisher = {Springer Netherlands},
	doi = {10.1007/s10584-011-0156-z}
}
@article{ruelle1998general,
	author = {Ruelle, David},
	title = {{General linear response formula in statistical mechanics, and the fluctuation-dissipation theorem far from equilibrium}},
	journal = {Phys. Lett. A},
	volume = {245},
	number = {3},
	pages = {220--224},
	year = {1998},
	month = {Aug},
	issn = {0375-9601},
	publisher = {North-Holland},
	doi = {10.1016/S0375-9601(98)00419-8}
}
@article{frame2006alternatives,
	author = {Frame, D. J. and Stone, D. A. and Stott, P. A. and Allen, M. R.},
	title = {{Alternatives to stabilization scenarios}},
	journal = {Geophys. Res. Lett.},
	volume = {33},
	number = {14},
	year = {2006},
	month = {Jul},
	issn = {0094-8276},
	publisher = {John Wiley {\&} Sons, Ltd},
	doi = {10.1029/2006GL025801}
}
@article{mauritsen2012tuning,
	author = {Mauritsen, Thorsten and Stevens, Bjorn and Roeckner, Erich and Crueger, Traute and Esch, Monika and Giorgetta, Marco and Haak, Helmuth and Jungclaus, Johann and Klocke, Daniel and Matei, Daniela and Mikolajewicz, Uwe and Notz, Dirk and Pincus, Robert and Schmidt, Hauke and Tomassini, Lorenzo},
	title = {{Tuning the climate of a global model}},
	journal = {J. Adv. Model. Earth Syst.},
	volume = {4},
	number = {3},
	year = {2012},
	month = {Mar},
	issn = {1942-2466},
	publisher = {John Wiley {\&} Sons, Ltd},
	doi = {10.1029/2012MS000154}
}
@article{sanderson2012interpretation,
	author = {Sanderson, Benjamin M. and Knutti, Reto},
	title = {{On the interpretation of constrained climate model ensembles}},
	journal = {Geophys. Res. Lett.},
	volume = {39},
	number = {16},
	year = {2012},
	month = {Aug},
	issn = {0094-8276},
	publisher = {John Wiley {\&} Sons, Ltd},
	doi = {10.1029/2012GL052665}
}


@article{van2011rcp2,
	author = {van Vuuren, Detlef P. and Stehfest, Elke and Den Elzen, Michel G. J. and Kram, Tom and van Vliet, Jasper and Deetman, Sebastiaan and Isaac, Morna and Klein Goldewijk, Kees and Hof, Andries and Mendoza Beltran, Angelica and Oostenrijk, Rineke and van Ruijven, Bas},
	title = {{RCP2.6: exploring the possibility to keep global mean temperature increase below 2{\ifmmode\mbox{\textdegree}\else\textdegree\fi}C}},
	journal = {Clim. Change},
	volume = {109},
	number = {1},
	pages = {95--116},
	year = {2011},
	month = {Aug},
	issn = {1573-1480},
	publisher = {Springer Netherlands},
	doi = {10.1007/s10584-011-0152-3}
}
@article{Gregory2015Nov,
	author = {Gregory J., M. and Andrews, T. and Good, P.},
	title = {{The inconstancy of the transient climate response parameter under increasing CO2}},
	journal = {Philos. Trans. Royal Soc. A},
	volume = {373},
	number = {2054},
	year = {2015},
	month = {Nov},
	issn = {1471-2962},
	publisher = {The Royal Society Publishing},
	doi = {10.1098/rsta.2014.0417}
}

@article{riahi2011rcp,
	author = {Riahi, Keywan and Rao, Shilpa and Krey, Volker and Cho, Cheolhung and Chirkov, Vadim and Fischer, Guenther and Kindermann, Georg and Nakicenovic, Nebojsa and Rafaj, Peter},
	title = {{RCP 8.5{\ifmmode---\else\textemdash\fi}A scenario of comparatively high greenhouse gas emissions}},
	journal = {Clim. Change},
	volume = {109},
	number = {1},
	pages = {33--57},
	year = {2011},
	month = {Aug},
	issn = {1573-1480},
	publisher = {Springer Netherlands},
	doi = {10.1007/s10584-011-0149-y}
}

@article{hansen1985climate,
author = {Hansen, J. and Russell, G. and Lacis, A. and Fung, I. and Rind, D. and Stone, P.},
	title = {{Climate Response Times: Dependence on Climate Sensitivity and Ocean Mixing}},
	journal = {Science},
	volume = {229},
	number = {4716},
	pages = {857--859},
	year = {1985},
	month = {Aug},
	issn = {0036-8075},
	publisher = {American Association for the Advancement of Science},
	doi = {10.1126/science.229.4716.857}
}
@article{millar2015model,
author = {Millar, Richard J. and Otto, Alexander and Forster, Piers M. and Lowe, Jason A. and Ingram, William J. and Allen, Myles R.},
	title = {{Model structure in observational constraints on transient climate response}},
	journal = {Clim. Change},
	volume = {131},
	number = {2},
	pages = {199--211},
	year = {2015},
	month = {Jul},
	issn = {1573-1480},
	publisher = {Springer Netherlands},
	doi = {10.1007/s10584-015-1384-4}
}
@article{roe2007climate,
	author = {Roe, Gerard H. and Baker, Marcia B.},
	title = {{Why Is Climate Sensitivity So Unpredictable?}},
	journal = {Science},
	volume = {318},
	number = {5850},
	pages = {629--632},
	year = {2007},
	month = {Oct},
	issn = {0036-8075},
	publisher = {American Association for the Advancement of Science},
	doi = {10.1126/science.1144735}
}
@article{royer2011geologic,
	author = {Royer, D. L. and Pagani, M. and Beerling, D. J.},
	title = {{Geologic constraints on earth system sensitivity to CO2 during the Cretaceous and early Paleogene}},
	journal = {Earth Syst. Dyn. Discuss.},
	volume = {2},
	number = {1},
	pages = {211--240},
	year = {2011},
	month = {Mar},
	issn = {2190-4979},
	publisher = {Copernicus GmbH},
	doi = {10.5194/esdd-2-211-2011}
}
@inbook{ip05000f,
  author={Myhre, G. and Shindell, D. and Bréon, F.-M. and Collins, W. and Fuglestvedt, J. and Huang, J. and Koch, D. and Lamarque, J.-F. and Lee, D. and Mendoza, B. and Nakajima, T. and Robock, A. and Stephens, G. and Takemura, T. and Zhang, H.},
  title={Anthropogenic and natural radiative forcing},
  booktitle={Climate Change 2013: The Physical Science Basis. Contribution of Working Group I to the Fifth Assessment Report of the Intergovernmental Panel on Climate Change},
  year={2013},
  pages={659--740},
  publisher={Cambridge University Press},
  address={Cambridge, UK},
  doi={10.1017/CBO9781107415324.018},
}
@article{gillett2015weighting,
	author = {Gillett Nathan, P.},
	title = {{Weighting climate model projections using observational constraints}},
	journal = {Philos. Trans. Royal Soc. A},
	volume = {373},
	number = {2054},
	year = {2015},
	month = {Nov},
	issn = {1471-2962},
	publisher = {The Royal Society Publishing},
	doi = {10.1098/rsta.2014.0425}
}
@article{andrews2015dependence,
	author = {Andrews, Timothy and Gregory, Jonathan M. and Webb, Mark J.},
	title = {{The Dependence of Radiative Forcing and Feedback on Evolving Patterns of Surface Temperature Change in Climate Models}},
	journal = {J. Clim.},
	volume = {28},
	number = {4},
	pages = {1630--1648},
	year = {2015},
	month = {Feb},
	issn = {0894-8755},
	publisher = {American Meteorological Society},
	doi = {10.1175/JCLI-D-14-00545.1}
}


@article{joneszero,
	author = {Jones, Chris D. and Fr{\ifmmode\ddot{o}\else\"{o}\fi}licher, Thomas L. and Koven, Charles and MacDougall, Andrew H. and Matthews, H. Damon and Zickfeld, Kirsten and Rogelj, Joeri and Tokarska, Katarzyna B. and Gillett, Nathan P. and Ilyina, Tatiana and Meinshausen, Malte and Mengis, Nadine and S{\ifmmode\acute{e}\else\'{e}\fi}f{\ifmmode\acute{e}\else\'{e}\fi}rian, Roland and Eby, Michael and Burger, Friedrich A.},
	title = {{The Zero Emissions Commitment Model Intercomparison Project (ZECMIP) contribution to C4MIP: quantifying committed climate changes following zero carbon emissions}},
	journal = {Geosci. Model Dev.},
	volume = {12},
	number = {10},
	pages = {4375--4385},
	year = {2019},
	month = {Oct},
	issn = {1991-959X},
	publisher = {Copernicus GmbH},
	doi = {10.5194/gmd-12-4375-2019}
}
@article{grose2018climate,
	author = {Grose, Michael R. and Gregory, Jonathan and Colman, Robert and Andrews, Timothy},
	title = {{What Climate Sensitivity Index Is Most Useful for Projections?}},
	journal = {Geophys. Res. Lett.},
	volume = {45},
	number = {3},
	pages = {1559--1566},
	year = {2018},
	month = {Feb},
	issn = {0094-8276},
	publisher = {John Wiley {\&} Sons, Ltd},
	doi = {10.1002/2017GL075742}
}
@article{millar2017modified,
	author = {Millar, Richard J. and Nicholls, Zebedee R. and Friedlingstein, Pierre and Allen, Myles R.},
	title = {{A modified impulse-response representation of the global near-surface air temperature and atmospheric concentration response to carbon dioxide emissions}},
	journal = {Atmos. Chem. Phys.},
	volume = {17},
	number = {11},
	pages = {7213--7228},
	year = {2017},
	month = {Jun},
	issn = {1680-7316},
	publisher = {Copernicus GmbH},
	doi = {10.5194/acp-17-7213-2017}
}

@article{goodman2010ensemble,
	author = {Goodman, Jonathan and Weare, Jonathan},
	title = {{Ensemble samplers with affine invariance}},
	journal = {Communications in Applied Mathematics and Computational Science},
	volume = {5},
	number = {1},
	pages = {65--80},
	year = {2010},
	issn = {1559-3940},
	publisher = {Mathematical Sciences Publishers},
	doi = {10.2140/camcos.2010.5.65}
}
@article{andrews2018accounting,
	author = {Andrews, Timothy and Gregory, Jonathan M. and Paynter, David and Silvers, Levi G. and Zhou, Chen and Mauritsen, Thorsten and Webb, Mark J. and Armour, Kyle C. and Forster, Piers M. and Titchner, Holly},
	title = {{Accounting for Changing Temperature Patterns Increases Historical Estimates of Climate Sensitivity}},
	journal = {Geophys. Res. Lett.},
	volume = {45},
	number = {16},
	pages = {8490--8499},
	year = {2018},
	month = {Aug},
	issn = {0094-8276},
	publisher = {John Wiley {\&} Sons, Ltd},
	doi = {10.1029/2018GL078887}
}

@article{armour2013time,
	author = {Armour, Kyle C. and Bitz, Cecilia M. and Roe, Gerard H.},
	title = {{Time-Varying Climate Sensitivity from Regional Feedbacks}},
	journal = {J. Clim.},
	volume = {26},
	number = {13},
	pages = {4518--4534},
	year = {2013},
	month = {Jul},
	issn = {0894-8755},
	publisher = {American Meteorological Society},
	doi = {10.1175/JCLI-D-12-00544.1}
}

@article{armour2017energy,
	author = {Armour, Kyle C.},
	title = {{Energy budget constraints on climate sensitivity in light of inconstant climate feedbacks}},
	journal = {Nat. Clim. Change},
	volume = {7},
	number = {5},
	pages = {331--335},
	year = {2017},
	month = {Apr},
	issn = {1758-6798},
	publisher = {Nature Publishing Group},
	doi = {10.1038/nclimate3278}
}
@article{bony2005marine,
	author = {Bony, Sandrine and Dufresne, Jean-Louis},
	title = {{Marine boundary layer clouds at the heart of tropical cloud feedback uncertainties in climate models}},
	journal = {Geophys. Res. Lett.},
	volume = {32},
	number = {20},
	year = {2005},
	month = {Oct},
	issn = {0094-8276},
	publisher = {John Wiley {\&} Sons, Ltd},
	doi = {10.1029/2005GL023851}
}

@article{collins2011climate,
	author = {Collins, Matthew and Booth, Ben B. B. and Bhaskaran, B. and Harris, Glen R. and Murphy, James M. and Sexton, David M. H. and Webb, Mark J.},
	title = {{Climate model errors, feedbacks and forcings: a comparison of perturbed physics and multi-model ensembles}},
	journal = {Clim. Dyn.},
	volume = {36},
	number = {9},
	pages = {1737--1766},
	year = {2011},
	month = {May},
	issn = {1432-0894},
	publisher = {Springer-Verlag},
	doi = {10.1007/s00382-010-0808-0}
}

@article{edwards2011history,
	author = {Edwards, Paul N.},
	title = {{History of climate modeling}},
	journal = {WIREs Clim. Change},
	volume = {2},
	number = {1},
	pages = {128--139},
	year = {2011},
	month = {Jan},
	issn = {1757-7780},
	publisher = {John Wiley {\&} Sons, Ltd},
	doi = {10.1002/wcc.95}
}

@article{england2009constraining,
	author = {England, Matthew H. and Gupta, Alexander Sen and Pitman, Andrew J.},
	title = {{Constraining future greenhouse gas emissions by a cumulative target}},
	journal = {Proc. Natl. Acad. Sci. U.S.A.},
	volume = {106},
	number = {39},
	pages = {16539--16540},
	year = {2009},
	month = {Sep},
	issn = {0027-8424},
	publisher = {National Academy of Sciences},
	doi = {10.1073/pnas.0908197106}
	}
	
@article{cox2018emergent,
	author = {Cox, Peter M. and Huntingford, Chris and Williamson, Mark S.},
	title = {{Emergent constraint on equilibrium climate sensitivity from global temperature variability}},
	journal = {Nature},
	volume = {553},
	number = {7688},
	pages = {319--322},
	year = {2018},
	month = {Jan},
	issn = {1476-4687},
	publisher = {Nature Publishing Group},
	doi = {10.1038/nature25450}
}
@article{le2018global,
	author = {Qu{\ifmmode\acute{e}\else\'{e}\fi}r{\ifmmode\acute{e}\else\'{e}\fi}, Corinne Le and Andrew, Robbie M. and Friedlingstein, Pierre and Sitch, Stephen and Hauck, Judith and Pongratz, Julia and Pickers, Penelope A. and Korsbakken, Jan Ivar and Peters, Glen P. and Canadell, Josep G. and Arneth, Almut and Arora, Vivek K. and Barbero, Leticia and Bastos, Ana and Bopp, Laurent and Chevallier, Fr{\ifmmode\acute{e}\else\'{e}\fi}d{\ifmmode\acute{e}\else\'{e}\fi}ric and Chini, Louise P. and Ciais, Philippe and Doney, Scott C. and Gkritzalis, Thanos and Goll, Daniel S. and Harris, Ian and Haverd, Vanessa and Hoffman, Forrest M. and Hoppema, Mario and Houghton, Richard A. and Hurtt, George and Ilyina, Tatiana and Jain, Atul K. and Johannessen, Truls and Jones, Chris D. and Kato, Etsushi and Keeling, Ralph F. and Goldewijk, Kees Klein and Landsch{\ifmmode\ddot{u}\else\"{u}\fi}tzer, Peter and Lef{\ifmmode\grave{e}\else\`{e}\fi}vre, Nathalie and Lienert, Sebastian and Liu, Zhu and Lombardozzi, Danica and Metzl, Nicolas and Munro, David R. and Nabel, Julia E. M. S. and Nakaoka, Shin-ichiro and Neill, Craig and Olsen, Are and Ono, Tsueno and Patra, Prabir and Peregon, Anna and Peters, Wouter and Peylin, Philippe and Pfeil, Benjamin and Pierrot, Denis and Poulter, Benjamin and Rehder, Gregor and Resplandy, Laure and Robertson, Eddy and Rocher, Matthias and R{\ifmmode\ddot{o}\else\"{o}\fi}denbeck, Christian and Schuster, Ute and Schwinger, J{\ifmmode\ddot{o}\else\"{o}\fi}rg and S{\ifmmode\acute{e}\else\'{e}\fi}f{\ifmmode\acute{e}\else\'{e}\fi}rian, Roland and Skjelvan, Ingunn and Steinhoff, Tobias and Sutton, Adrienne and Tans, Pieter P. and Tian, Hanqin and Tilbrook, Bronte and Tubiello, Francesco N. and Laan-Luijkx, Ingrid T. van der and Werf, Guido R. van der and Viovy, Nicolas and Walker, Anthony P. and Wiltshire, Andrew J. and Wright, Rebecca and Zaehle, S{\ifmmode\ddot{o}\else\"{o}\fi}nke and Zheng, Bo},
	title = {{Global Carbon Budget 2018}},
	journal = {Earth Syst. Sci. Data},
	volume = {10},
	number = {4},
	pages = {2141--2194},
	year = {2018},
	month = {Dec},
	issn = {1866-3508},
	publisher = {Copernicus GmbH},
	doi = {10.5194/essd-10-2141-2018}
}
@article{tan2016observational,
 	author = {Tan, Ivy and Storelvmo, Trude and Zelinka, Mark D.},
	title = {{Observational constraints on mixed-phase clouds imply higher climate sensitivity}},
	journal = {Science},
	volume = {352},
	number = {6282},
	pages = {224--227},
	year = {2016},
	month = {Apr},
	issn = {0036-8075},
	publisher = {American Association for the Advancement of Science},
	doi = {10.1126/science.aad5300}
}

@article{tian2015spread,
	author = {Tian, Baijun},
	title = {{Spread of model climate sensitivity linked to double-Intertropical Convergence Zone bias}},
	journal = {Geophys. Res. Lett.},
	volume = {42},
	number = {10},
	pages = {4133--4141},
	year = {2015},
	month = {May},
	issn = {0094-8276},
	publisher = {John Wiley {\&} Sons, Ltd},
	doi = {10.1002/2015GL064119}
}
@article{zhai2015long,
	author = {Zhai, Chengxing and Jiang, Jonathan H. and Su, Hui},
	title = {{Long-term cloud change imprinted in seasonal cloud variation: More evidence of high climate sensitivity}},
	journal = {Geophys. Res. Lett.},
	volume = {42},
	number = {20},
	pages = {8729--8737},
	year = {2015},
	month = {Oct},
	issn = {0094-8276},
	publisher = {John Wiley {\&} Sons, Ltd},
	doi = {10.1002/2015GL065911}
}
@article{sherwood2014spread,
	author = {Sherwood, Steven C. and Bony, Sandrine and Dufresne, Jean-Louis},
	title = {{Spread in model climate sensitivity traced to atmospheric convective mixing}},
	journal = {Nature},
	volume = {505},
	number = {7481},
	pages = {37--42},
	year = {2014},
	month = {Jan},
	issn = {1476-4687},
	publisher = {Nature Publishing Group},
	doi = {10.1038/nature12829}
}
@article{geoffroy2013constant,
	author = {Geoffroy, O. and Saint-Martin, D. and Olivi{\ifmmode\acute{e}\else\'{e}\fi}, D. J. L. and Voldoire, A. and Bellon, G. and Tyt{\ifmmode\acute{e}\else\'{e}\fi}ca, S.},
	title = {{Transient Climate Response in a Two-Layer Energy-Balance Model. Part I: Analytical Solution and Parameter Calibration Using CMIP5 AOGCM Experiments}},
	journal = {J. Clim.},
	volume = {26},
	number = {6},
	pages = {1841--1857},
	year = {2013},
	month = {Mar},
	issn = {0894-8755},
	publisher = {American Meteorological Society},
	doi = {10.1175/JCLI-D-12-00195.1}
}
@article{tokarska2018cumulative,
	author = {Tokarska, Katarzyna B. and Gillett, Nathan P.},
	title = {{Cumulative carbon emissions budgets consistent with 1.5{\hspace{0.167em}}{\ifmmode\mbox{\textdegree}\else\textdegree\fi}C global warming}},
	journal = {Nat. Clim. Change},
	volume = {8},
	number = {4},
	pages = {296--299},
	year = {2018},
	month = {Apr},
	issn = {1758-6798},
	publisher = {Nature Publishing Group},
	doi = {10.1038/s41558-018-0118-9}
}
@article{geoffroy2013transient,
	author = {Geoffroy, O. and Saint-Martin, D. and Bellon, G. and Voldoire, A. and Olivi{\ifmmode\acute{e}\else\'{e}\fi}, D. J. L. and Tyt{\ifmmode\acute{e}\else\'{e}\fi}ca, S.},
	title = {{Transient Climate Response in a Two-Layer Energy-Balance Model. Part II: Representation of the Efficacy of Deep-Ocean Heat Uptake and Validation for CMIP5 AOGCMs}},
	journal = {J. Clim.},
	volume = {26},
	number = {6},
	pages = {1859--1876},
	year = {2013},
	month = {Mar},
	issn = {0894-8755},
	publisher = {American Meteorological Society},
	doi = {10.1175/JCLI-D-12-00196.1}
}

@article{gillett2012improved,
	author = {Gillett, N. P. and Arora, V. K. and Flato, G. M. and Scinocca, J. F. and von Salzen, K.},
	title = {{Improved constraints on 21st-century warming derived using 160 years of temperature observations}},
	journal = {Geophys. Res. Lett.},
	volume = {39},
	number = {1},
	year = {2012},
	month = {Jan},
	issn = {0094-8276},
	publisher = {John Wiley {\&} Sons, Ltd},
	doi = {10.1029/2011GL050226}
}
@article{gillett2013constraining,
	author = {Gillett, Nathan P. and Arora, Vivek K. and Matthews, Damon and Allen, Myles R.},
	title = {{Constraining the Ratio of Global Warming to Cumulative CO2 Emissions Using CMIP5 Simulations}},
	journal = {J. Clim.},
	volume = {26},
	number = {18},
	pages = {6844--6858},
	year = {2013},
	month = {Sep},
	issn = {0894-8755},
	publisher = {American Meteorological Society},
	doi = {10.1175/JCLI-D-12-00476.1}
}
@article{gregory2004new,
	author = {Gregory, J. M. and Ingram, W. J. and Palmer, M. A. and Jones, G. S. and Stott, P. A. and Thorpe, R. B. and Lowe, J. A. and Johns, T. C. and Williams, K. D.},
	title = {{A new method for diagnosing radiative forcing and climate sensitivity}},
	journal = {Geophys. Res. Lett.},
	volume = {31},
	number = {3},
	year = {2004},
	month = {Feb},
	issn = {0094-8276},
	publisher = {John Wiley {\&} Sons, Ltd},
	doi = {10.1029/2003GL018747}
}


@article{gregory2016variation,
	author = {Gregory, J. M. and Andrews, T.},
	title = {{Variation in climate sensitivity and feedback parameters during the historical period}},
	journal = {Geophys. Res. Lett.},
	volume = {43},
	number = {8},
	pages = {3911--3920},
	year = {2016},
	month = {Apr},
	issn = {0094-8276},
	publisher = {John Wiley {\&} Sons, Ltd},
	doi = {10.1002/2016GL068406}
}


@article{hansen2005efficacy,
	author = {Hansen, J. and Sato, M. and Ruedy, R. and Nazarenko, L. and Lacis, A. and Schmidt, G. A. and Russell, G. and Aleinov, I. and Bauer, M. and Bauer, S. and Bell, N. and Cairns, B. and Canuto, V. and Chandler, M. and Cheng, Y. and Del Genio, A. and Faluvegi, G. and Fleming, E. and Friend, A. and Hall, T. and Jackman, C. and Kelley, M. and Kiang, N. and Koch, D. and Lean, J. and Lerner, J. and Lo, K. and Menon, S. and Miller, R. and Minnis, P. and Novakov, T. and Oinas, V. and Perlwitz, {\relax Ja}. and Perlwitz, {\relax Ju}. and Rind, D. and Romanou, A. and Shindell, D. and Stone, P. and Sun, S. and Tausnev, N. and Thresher, D. and Wielicki, B. and Wong, T. and Yao, M. and Zhang, S.},
	title = {{Efficacy of climate forcings}},
	journal = {J. Geophys. Res. Atmos.},
	volume = {110},
	number = {D18},
	year = {2005},
	month = {Sep},
	issn = {0148-0227},
	publisher = {John Wiley {\&} Sons, Ltd},
	doi = {10.1029/2005JD005776}
	}

@article{held2010probing,
	author = {Held, Isaac M. and Winton, Michael and Takahashi, Ken and Delworth, Thomas and Zeng, Fanrong and Vallis, Geoffrey K.},
	title = {{Probing the Fast and Slow Components of Global Warming by Returning Abruptly to Preindustrial Forcing}},
	journal = {J. Clim.},
	volume = {23},
	number = {9},
	pages = {2418--2427},
	year = {2010},
	month = {May},
	issn = {0894-8755},
	publisher = {American Meteorological Society},
	doi = {10.1175/2009JCLI3466.1}
}

@article{holloway1971simulation,
	author = {Holloway, J. Leith and Manabe, Syukuro},
	title = {{SIMULATION OF CLIMATE BY A GLOBAL GENERAL CIRCULATION MODELI. Hydrologic Cycle and Heat Balance}},
	journal = {Mon. Weather Rev.},
	volume = {99},
	number = {5},
	pages = {335--370},
	year = {1971},
	month = {May},
	issn = {0027-0644},
	publisher = {American Meteorological Society},
	doi = {10.1175/1520-0493(1971)099<0335:SOCBAG>2.3.CO;2}
}

@article{joos2013carbon,
	author = {Joos, F. and Roth, R. and Fuglestvedt, J. S. and Peters, G. P. and Enting, I. G. and Bloh, W. von and Brovkin, V. and Burke, E. J. and Eby, M. and Edwards, N. R. and Friedrich, T. and Fr{\ifmmode\ddot{o}\else\"{o}\fi}licher, T. L. and Halloran, P. R. and Holden, P. B. and Jones, C. and Kleinen, T. and Mackenzie, F. T. and Matsumoto, K. and Meinshausen, M. and Plattner, G.-K. and Reisinger, A. and Segschneider, J. and Shaffer, G. and Steinacher, M. and Strassmann, K. and Tanaka, K. and Timmermann, A. and Weaver, A. J.},
	title = {{Carbon dioxide and climate impulse response functions for the computation of greenhouse gas metrics: a multi-model analysis}},
	journal = {Atmos. Chem. Phys.},
	volume = {13},
	number = {5},
	pages = {2793--2825},
	year = {2013},
	month = {Mar},
	issn = {1680-7316},
	publisher = {Copernicus GmbH},
	doi = {10.5194/acp-13-2793-2013}
}

@article{kamae2013tropospheric,
	author = {Kamae, Youichi and Watanabe, Masahiro},
	title = {{Tropospheric adjustment to increasing CO2: its timescale and the role of land{\textendash}sea contrast}},
	journal = {Clim. Dyn.},
	volume = {41},
	number = {11},
	pages = {3007--3024},
	year = {2013},
	month = {Dec},
	issn = {1432-0894},
	publisher = {Springer Berlin Heidelberg},
	doi = {10.1007/s00382-012-1555-1}
}

@article{kasahara1971general,
	author = {Kasahara, Akira and Washington, Warren M.},
	title = {{General Circulation Experiments with a Six-Layer NCAR Model, Including Orography, Cloudiness and Surface Temperature Calculations}},
	journal = {J. Atmos. Sci.},
	volume = {28},
	number = {5},
	pages = {657--701},
	year = {1971},
	month = {Jul},
	issn = {0022-4928},
	publisher = {American Meteorological Society},
	doi = {10.1175/1520-0469(1971)028<0657:GCEWAS>2.0.CO;2}
}

@article{knutti2015feedbacks,
	author = {Reto, Knutti and Rugenstein Maria A., A.},
	title = {{Feedbacks, climate sensitivity and the limits of linear models}},
	journal = {Philos. Trans. Royal Soc. A},
	volume = {373},
	number = {2054},
	year = {2015},
	month = {Nov},
	issn = {1471-2962},
	publisher = {The Royal Society Publishing},
	doi = {10.1098/rsta.2015.0146}
}

@article{knutti2017beyond,
	author = {Knutti, Reto and Rugenstein, Maria A. A. and Hegerl, Gabriele C.},
	title = {{Beyond equilibrium climate sensitivity}},
	journal = {Nat. Geosci.},
	volume = {10},
	number = {10},
	pages = {727--736},
	year = {2017},
	month = {Sep},
	issn = {1752-0908},
	publisher = {Nature Publishing Group},
	doi = {10.1038/ngeo3017}}
	
@article{leith1965numerical,
  title={Numerical simulation of the earth's atmosphere},
  author={Leith, Cecil E},
  journal={Methods Comput. Phys.},
  volume={4},
  pages={1--28},
  year={1965}
}
@article{matthews2009proportionality,
	author = {Matthews, H. Damon and Gillett, Nathan P. and Stott, Peter A. and Zickfeld, Kirsten},
	title = {{The proportionality of global warming to cumulative carbon emissions}},
	journal = {Nature},
	volume = {459},
	number = {7248},
	pages = {829--832},
	year = {2009},
	month = {Jun},
	issn = {1476-4687},
	publisher = {Nature Publishing Group},
	doi = {10.1038/nature08047}
}

@article{meehl2000coupled,
  title={The coupled model intercomparison project (CMIP)},
  author={Meehl, Gerald A and Boer, George J and Covey, Curt and Latif, Mojib and Stouffer, Ronald J},
  journal={Bulletin of the American Meteorological Society},
  volume={81},
  number={2},
  pages={313--318},
  year={2000},
  publisher={JSTOR},
  doi={10.1175/1520-0477(2000)080<0305:MROTEA>2.3.CO;2}
}

@article{millar2016cumulative,
	author = {Millar, Richard and Allen, Myles and Rogelj, Joeri and Friedlingstein, Pierre},
	title = {{The cumulative carbon budget and its implications}},
	journal = {Oxf. Rev. Econ. Policy},
	volume = {32},
	number = {2},
	pages = {323--342},
	year = {2016},
	month = {Jan},
	issn = {0266-903X},
	publisher = {Oxford Academic},
	doi = {10.1093/oxrep/grw009}
	}

@article{millar2017emission,
author = {Millar, Richard J. and Fuglestvedt, Jan S. and Friedlingstein, Pierre and Rogelj, Joeri and Grubb, Michael J. and Matthews, H. Damon and Skeie, Ragnhild B. and Forster, Piers M. and Frame, David J. and Allen, Myles R.},
	title = {{Emission budgets and pathways consistent with limiting warming to 1.5{\hspace{0.167em}}{\ifmmode\mbox{\textdegree}\else\textdegree\fi}C}},
	journal = {Nat. Geosci.},
	volume = {10},
	number = {10},
	pages = {741--747},
	year = {2017},
	month = {Sep},
	issn = {1752-0908},
	publisher = {Nature Publishing Group},
	doi = {10.1038/ngeo3031}
}

@book{national1979carbon,
  title={Carbon Dioxide and Climate: A Scientific Assessment: Report of an Ad Hoc Study Group on Carbon Dioxide and Climate, Woods Hole, Massachusetts, July 23-27, 1979 to the Climate Research Board, Assembly of Mathematical and Physical Sciences, National Research Council},
  author={Charney, J.G. and Arakawa, A. and Baker, D.J. and Bolin, B. and Dickinson, R.E. and Goody, R.M. and Leith, C.E. and Stommel, H.M. and Wunsch, C.I.},
  year={1979},
  publisher={National Academies},
 doi = {10.17226/12181}

}

@article{o2017ipcc,
author = {O'Neill, Brian C. and Oppenheimer, Michael and Warren, Rachel and Hallegatte, Stephane and Kopp, Robert E. and P{\ifmmode\ddot{o}\else\"{o}\fi}rtner, Hans O. and Scholes, Robert and Birkmann, Joern and Foden, Wendy and Licker, Rachel and Mach, Katharine J. and Marbaix, Phillippe and Mastrandrea, Michael D. and Price, Jeff and Takahashi, Kiyoshi and van Ypersele, Jean-Pascal and Yohe, Gary},
	title = {{IPCC reasons for concern regarding climate change risks}},
	journal = {Nat. Clim. Change},
	volume = {7},
	number = {1},
	pages = {28--37},
	year = {2017},
	month = {Jan},
	issn = {1758-6798},
	publisher = {Nature Publishing Group},
	doi = {10.1038/nclimate3179}
}
@article{otto2013energy,
author = {Otto, Alexander and Otto, Friederike E. L. and Boucher, Olivier and Church, John and Hegerl, Gabi and Forster, Piers M. and Gillett, Nathan P. and Gregory, Jonathan and Johnson, Gregory C. and Knutti, Reto and Lewis, Nicholas and Lohmann, Ulrike and Marotzke, Jochem and Myhre, Gunnar and Shindell, Drew and Stevens, Bjorn and Allen, Myles R.},
	title = {{Energy budget constraints on climate response}},
	journal = {Nat. Geosci.},
	volume = {6},
	number = {6},
	pages = {415--416},
	year = {2013},
	month = {May},
	issn = {1752-0908},
	publisher = {Nature Publishing Group},
	doi = {10.1038/ngeo1836}
}
@article{proistosescu2017slow,
author = {Proistosescu, Cristian and Huybers, Peter J.},
	title = {{Slow climate mode reconciles historical and model-based estimates of climate sensitivity}},
	journal = {Sci. Adv.},
	volume = {3},
	number = {7},
	pages = {e1602821},
	year = {2017},
	month = {Jul},
	issn = {2375-2548},
	publisher = {American Association for the Advancement of Science},
	doi = {10.1126/sciadv.1602821}
}

@article{winton2010importance,
  title={Importance of ocean heat uptake efficacy to transient climate change},
  author={Winton, Michael and Takahashi, Ken and Held, Isaac M},
  journal={Journal of Climate},
  volume={23},
  number={9},
  pages={2333--2344},
  year={2010},
  publisher={American Meteorological Society}
}
@article{qu2014spread,
	author = {Qu, Xin and Hall, Alex and Klein, Stephen A. and Caldwell, Peter M.},
	title = {{On the spread of changes in marine low cloud cover in climate model simulations of the 21st century}},
	journal = {Clim. Dyn.},
	volume = {42},
	number = {9},
	pages = {2603--2626},
	year = {2014},
	month = {May},
	issn = {1432-0894},
	publisher = {Springer Berlin Heidelberg},
	doi = {10.1007/s00382-013-1945-z}
}
@article{taylor2012overview,
  title={An overview of CMIP5 and the experiment design},
  author={Taylor, Karl E and Stouffer, Ronald J and Meehl, Gerald A},
  journal={Bulletin of the American meteorological Society},
  volume={93},
  number={4},
  pages={485--498},
  year={2012},
  publisher={American Meteorological Society}
}
@article{sanderson2020relating,
  title={Relating climate sensitivity indices to projection uncertainty},
  author={Sanderson, Benjamin},
  journal={Earth System Dynamics},
  volume={11},
  number={3},
  pages={721--735},
  year={2020},
  publisher={Copernicus GmbH}
}
@article{tokarska2020past,
  title={Past warming trend constrains future warming in CMIP6 models},
  author={Tokarska, Katarzyna B and Stolpe, Martin B and Sippel, Sebastian and Fischer, Erich M and Smith, Christopher J and Lehner, Flavio and Knutti, Reto},
  journal={Science advances},
  volume={6},
  number={12},
  pages={eaaz9549},
  year={2020},
  publisher={American Association for the Advancement of Science}
}
@article{nijsse2020emergent,
  title={Emergent constraints on transient climate response (TCR) and equilibrium climate sensitivity (ECS) from historical warming in CMIP5 and CMIP6 models},
  author={Nijsse, Femke JMM and Cox, Peter M and Williamson, Mark S},
  journal={Earth System Dynamics},
  volume={11},
  number={3},
  pages={737--750},
  year={2020},
  publisher={Copernicus GmbH}
}
@article{zelinka2020causes,
  title={Causes of higher climate sensitivity in CMIP6 models},
  author={Zelinka, Mark D and Myers, Timothy A and McCoy, Daniel T and Po-Chedley, Stephen and Caldwell, Peter M and Ceppi, Paulo and Klein, Stephen A and Taylor, Karl E},
  journal={Geophysical Research Letters},
  volume={47},
  number={1},
  pages={e2019GL085782},
  year={2020},
  publisher={Wiley Online Library}
}
@article{zhu2020high,
  title={High climate sensitivity in CMIP6 model not supported by paleoclimate},
  author={Zhu, Jiang and Poulsen, Christopher J and Otto-Bliesner, Bette L},
  journal={Nature Climate Change},
  volume={10},
  number={5},
  pages={378--379},
  year={2020},
  publisher={Nature Publishing Group}
}
@article{meehl2020context,
  title={Context for interpreting equilibrium climate sensitivity and transient climate response from the CMIP6 Earth system models},
  author={Meehl, Gerald A and Senior, Catherine A and Eyring, Veronika and Flato, Gregory and Lamarque, Jean-Francois and Stouffer, Ronald J and Taylor, Karl E and Schlund, Manuel},
  journal={Science Advances},
  volume={6},
  number={26},
  pages={eaba1981},
  year={2020},
  publisher={American Association for the Advancement of Science}
}
@article{o2016scenario,
  title={The scenario model intercomparison project (ScenarioMIP) for CMIP6},
  author={O'Neill, Brian C and Tebaldi, Claudia and Vuuren, Detlef P van and Eyring, Veronika and Friedlingstein, Pierre and Hurtt, George and Knutti, Reto and Kriegler, Elmar and Lamarque, Jean-Francois and Lowe, Jason and others},
  journal={Geoscientific Model Development},
  volume={9},
  number={9},
  pages={3461--3482},
  year={2016},
  publisher={Copernicus GmbH}
}
@article{sherwood2020assessment,
  title={An assessment of Earth's climate sensitivity using multiple lines of evidence},
  author={Sherwood, SC and Webb, Mark J and Annan, James D and Armour, KC and Forster, Piers M and Hargreaves, Julia C and Hegerl, Gabriele and Klein, Stephen A and Marvel, Kate D and Rohling, Eelco J and others},
  journal={Reviews of Geophysics},
  volume={58},
  number={4},
  pages={e2019RG000678},
  year={2020},
  publisher={Wiley Online Library}
}
@article{rugenstein2019longrunmip,
  title={LongRunMIP: motivation and design for a large collection of millennial-length AOGCM simulations},
  author={Rugenstein, Maria and Bloch-Johnson, Jonah and Abe-Ouchi, Ayako and Andrews, Timothy and Beyerle, Urs and Cao, Long and Chadha, Tarun and Danabasoglu, Gokhan and Dufresne, Jean-Louis and Duan, Lei and others},
  journal={Bulletin of the American Meteorological Society},
  volume={100},
  number={12},
  pages={2551--2570},
  year={2019},
  publisher={American Meteorological Society}
}
@article{andrews2012forcing,
  title={Forcing, feedbacks and climate sensitivity in CMIP5 coupled atmosphere-ocean climate models},
  author={Andrews, Timothy and Gregory, Jonathan M and Webb, Mark J and Taylor, Karl E},
  journal={Geophysical research letters},
  volume={39},
  number={9},
  year={2012},
  publisher={Wiley Online Library}
}

@article{bloch2021climate,
  title={Climate sensitivity increases under higher CO2 levels due to feedback temperature dependence},
  author={Bloch-Johnson, Jonah and Rugenstein, Maria and Stolpe, Martin B and Rohrschneider, Tim and Zheng, Yiyu and Gregory, Jonathan M},
  journal={Geophysical Research Letters},
  volume={48},
  number={4},
  pages={e2020GL089074},
  year={2021},
  publisher={Wiley Online Library}
}

@article{pfister2017state,
  title={State-Dependence of the Climate Sensitivity in Earth System Models of Intermediate Complexity},
  author={Pfister, Patrik L and Stocker, Thomas F},
  journal={Geophysical Research Letters},
  volume={44},
  number={20},
  pages={10--643},
  year={2017},
  publisher={Wiley Online Library}
}
@article{forster2016inference,
  title={Inference of climate sensitivity from analysis of Earth's energy budget},
  author={Forster, Piers M},
  journal={Annual Review of Earth and Planetary Sciences},
  volume={44},
  pages={85--106},
  year={2016},
  publisher={Annual Reviews}
}
@article{murphy1995transient,
  title={Transient response of the Hadley centre coupled ocean-atmosphere model to increasing carbon dioxide. Part 1: control climate and flux adjustment},
  author={Murphy, JM},
  journal={Journal of Climate},
  volume={8},
  number={1},
  pages={36--56},
  year={1995}
}
@article{jarvis2011contribution,
  title={The contribution of timescales to the temperature response of climate models},
  author={Jarvis, Andrew and Li, Sile},
  journal={Climate dynamics},
  volume={36},
  number={3},
  pages={523--531},
  year={2011},
  publisher={Springer}
}
@article{solomon2010persistence,
  title={Persistence of climate changes due to a range of greenhouse gases},
  author={Solomon, Susan and Daniel, John S and Sanford, Todd J and Murphy, Daniel M and Plattner, Gian-Kasper and Knutti, Reto and Friedlingstein, Pierre},
  journal={Proceedings of the National Academy of Sciences},
  volume={107},
  number={43},
  pages={18354--18359},
  year={2010},
  publisher={National Acad Sciences}
}
@article{wetherald2001committed,
  title={Committed warming and its implications for climate change},
  author={Wetherald, Richard T and Stouffer, Ronald J and Dixon, Keith W},
  journal={Geophysical Research Letters},
  volume={28},
  number={8},
  pages={1535--1538},
  year={2001},
  publisher={Wiley Online Library}
}
@article{rugenstein2020equilibrium,
  title={Equilibrium climate sensitivity estimated by equilibrating climate models},
  author={Rugenstein, Maria and Bloch-Johnson, Jonah and Gregory, Jonathan and Andrews, Timothy and Mauritsen, Thorsten and Li, Chao and Fr{\"o}licher, Thomas L and Paynter, David and Danabasoglu, Gokhan and Yang, Shuting and others},
  journal={Geophysical Research Letters},
  volume={47},
  number={4},
  pages={e2019GL083898},
  year={2020},
  publisher={Wiley Online Library}
}
@book{stocker2013climate,
   author = {IPCC},
   title = {Climate Change 2013: The Physical Science Basis. Contribution of Working Group I to the Fifth Assessment Report of the Intergovernmental Panel on Climate Change},
   publisher = {Cambridge University Press},
   address = {Cambridge, United Kingdom and New York, NY, USA},
   pages = {1535},
   ISBN = {ISBN 978-1-107-66182-0},
   DOI = {10.1017/CBO9781107415324},
   url = {www.climatechange2013.org},
   year = {2013},
   type = {Book}
   }

@article{lewis2013objective,
	author = {Lewis, Nicholas},
	title = {{An Objective Bayesian Improved Approach for Applying Optimal Fingerprint Techniques to Estimate Climate Sensitivity}},
	journal = {J. Clim.},
	volume = {26},
	number = {19},
	pages = {7414--7429},
	year = {2013},
	month = {Oct},
	issn = {0894-8755},
	publisher = {American Meteorological Society},
	doi = {10.1175/JCLI-D-12-00473.1}
}

@article{senior2000time,
	author = {Senior, Catherine A. and Mitchell, John F. B.},
	title = {{The time-dependence of climate sensitivity}},
	journal = {Geophys. Res. Lett.},
	volume = {27},
	number = {17},
	pages = {2685--2688},
	year = {2000},
	month = {Sep},
	issn = {0094-8276},
	publisher = {John Wiley {\&} Sons, Ltd},
	doi = {10.1029/2000GL011373}
}

@article{tebaldi2007use,
	author = {Claudia, Tebaldi and Reto, Knutti},
	title = {{The use of the multi-model ensemble in probabilistic climate projections}},
	journal = {Philos. Trans. Royal Soc. A},
	volume = {365},
	number = {1857},
	pages = {2053--2075},
	year = {2007},
	month = {Jun},
	issn = {1471-2962},
	publisher = {The Royal Society, London},
	doi = {10.1098/rsta.2007.2076}
}

@article{webb2006contribution,
author = {Webb, M. J. and Senior, C. A. and Sexton, D. M. H. and Ingram, W. J. and Williams, K. D. and Ringer, M. A. and McAvaney, B. J. and Colman, R. and Soden, B. J. and Gudgel, R. and Knutson, T. and Emori, S. and Ogura, T. and Tsushima, Y. and Andronova, N. and Li, B. and Musat, I. and Bony, S. and Taylor, K. E.},
	title = {{On the contribution of local feedback mechanisms to the range of climate sensitivity in two GCM ensembles}},
	journal = {Clim. Dyn.},
	volume = {27},
	number = {1},
	pages = {17--38},
	year = {2006},
	month = {Jul},
	issn = {1432-0894},
	publisher = {Springer-Verlag},
	doi = {10.1007/s00382-006-0111-2}
}

@article{wilson1987doubled,
	author = {Wilson, C. A. and Mitchell, J. F. B.},
	title = {{A doubled CO2 climate sensitivity experiment with a global climate model including a simple ocean}},
	journal = {J. Geophys. Res. Atmos.},
	volume = {92},
	number = {D11},
	pages = {13315--13343},
	year = {1987},
	month = {Nov},
	issn = {0148-0227},
	publisher = {John Wiley {\&} Sons, Ltd},
	doi = {10.1029/JD092iD11p13315}
}

@article{zickfeld2012climate,
	author = {Zickfeld, K. and Arora, V. K. and Gillett, N. P.},
	title = {{Is the climate response to CO2 emissions path dependent?}},
	journal = {Geophys. Res. Lett.},
	volume = {39},
	number = {5},
	year = {2012},
	month = {Mar},
	issn = {0094-8276},
	publisher = {John Wiley {\&} Sons, Ltd},
	doi = {10.1029/2011GL050205}
}

@article{zickfeld2016proportionality,
	author = {Zickfeld, Kirsten and MacDougall, Andrew H. and Matthews, H. Damon},
	title = {{On the proportionality between global temperature change and cumulative CO2 emissions during periods of net negative CO2 emissions}},
	journal = {Environ. Res. Lett.},
	volume = {11},
	number = {5},
	pages = {055006},
	year = {2016},
	month = {May},
	issn = {1748-9326},
	publisher = {IOP Publishing},
	doi = {10.1088/1748-9326/11/5/055006}
}

@article{rugenstein2016dependence,
	author = {Rugenstein, Maria A. A. and Caldeira, Ken and Knutti, Reto},
	title = {{Dependence of global radiative feedbacks on evolving patterns of surface heat fluxes}},
	journal = {Geophys. Res. Lett.},
	volume = {43},
	number = {18},
	pages = {9877--9885},
	year = {2016},
	month = {Sep},
	issn = {0094-8276},
	publisher = {John Wiley {\&} Sons, Ltd},
	doi = {10.1002/2016GL070907}
}

@article{rugenstein2016multiannual,
	author = {Rugenstein, Maria A. A. and Gregory, Jonathan M. and Schaller, Nathalie and Sedl{\ifmmode\acute{a}\else\'{a}\fi}{\ifmmode\check{c}\else\v{c}\fi}ek, Jan and Knutti, Reto},
	title = {{Multiannual Ocean{\textendash}Atmosphere Adjustments to Radiative Forcing}},
	journal = {J. Clim.},
	volume = {29},
	number = {15},
	pages = {5643--5659},
	year = {2016},
	month = {Aug},
	issn = {0894-8755},
	publisher = {American Meteorological Society},
	doi = {10.1175/JCLI-D-16-0312.1}
}